<collection xmlns="http://www.loc.gov/MARC21/slim">
<record>
  <leader>01493nam0a2200313 i 450 </leader>
  <controlfield tag="001">IT\ICCU\CNCE\015362</controlfield>
  <controlfield tag="005">20080118000000.0</controlfield>
  <datafield tag="012" ind1=" " ind2=" ">
    <subfield code="a">e-c- a.o, a,a. LaSe (3) 1589 (A)</subfield>
    <subfield code="2">fei</subfield>
  </datafield>
  <datafield tag="100" ind1=" " ind2=" ">
    <subfield code="a">19970101d1589        0itac0103    ba</subfield>
  </datafield>
  <datafield tag="101" ind1=" " ind2=" ">
    <subfield code="a">ITA</subfield>
  </datafield>
  <datafield tag="102" ind1=" " ind2=" ">
    <subfield code="a">FR</subfield>
  </datafield>
  <datafield tag="200" ind1="1" ind2=" ">
    <subfield code="a">℗La ℗bellamano. Libro di messere Giusto de Conti, romano senatore. Per m. Iacopo de Corbinelli, gentilhomo fiorentino restaurato</subfield>
  </datafield>
  <datafield tag="210" ind1=" " ind2=" ">
    <subfield code="a">In Parigi</subfield>
    <subfield code="c">per Mamerto Patissonio typografo regio</subfield>
    <subfield code="d">1589</subfield>
  </datafield>
  <datafield tag="215" ind1=" " ind2=" ">
    <subfield code="a">\6!, 107, \5! c.</subfield>
    <subfield code="d">12ʻ</subfield>
  </datafield>
  <datafield tag="300" ind1=" " ind2=" ">
    <subfield code="a">A c. 58: Raccolto di antiche rime diuersi toscani. Oltre a quelle de i x. libri</subfield>
  </datafield>
  <datafield tag="620" ind1=" " ind2=" ">
    <subfield code="a">FR</subfield>
    <subfield code="d">Parigi</subfield>
  </datafield>
  <datafield tag="700" ind1=" " ind2="1">
    <subfield code="a">Conti,</subfield>
    <subfield code="b">Giusto : de</subfield>
    <subfield code="3">IT\ICCU\CNCA\003466</subfield>
  </datafield>
  <datafield tag="702" ind1=" " ind2="1">
    <subfield code="a">Corbinelli,</subfield>
    <subfield code="b">Iacopo</subfield>
    <subfield code="3">IT\ICCU\CNCA\003104</subfield>
  </datafield>
  <datafield tag="712" ind1="0" ind2="0">
    <subfield code="a">Patisson, Mamert</subfield>
    <subfield code="3">IT\ICCU\CNCT\001543</subfield>
    <subfield code="4">650</subfield>
  </datafield>
  <datafield tag="790" ind1=" " ind2="1">
    <subfield code="a">Comitibus,</subfield>
    <subfield code="b">Iustus#de</subfield>
    <subfield code="3">IT\ICCU\CNCA\008342</subfield>
    <subfield code="z">Conti, Giusto : de</subfield>
  </datafield>
  <datafield tag="790" ind1=" " ind2="0">
    <subfield code="a">Iustus</subfield>
    <subfield code="c"> : de Comitibus</subfield>
    <subfield code="3">IT\ICCU\CNCA\013842</subfield>
    <subfield code="z">Conti, Giusto : de</subfield>
  </datafield>
  <datafield tag="790" ind1=" " ind2="0">
    <subfield code="a">Giusto</subfield>
    <subfield code="c"> : da#Valmontone</subfield>
    <subfield code="3">IT\ICCU\CNCA\013843</subfield>
    <subfield code="z">Conti, Giusto : de</subfield>
  </datafield>
  <datafield tag="790" ind1=" " ind2="0">
    <subfield code="a">Giusto Romano</subfield>
    <subfield code="3">IT\ICCU\CNCA\013844</subfield>
    <subfield code="z">Conti, Giusto : de</subfield>
  </datafield>
  <datafield tag="791" ind1="0" ind2="0">
    <subfield code="a">Patissonio, Mamerto</subfield>
    <subfield code="3">IT\ICCU\CNCT\005326</subfield>
    <subfield code="z">Patisson, Mamert</subfield>
  </datafield>
  <datafield tag="801" ind1=" " ind2="3">
    <subfield code="a">IT</subfield>
    <subfield code="b">ICCU</subfield>
    <subfield code="c">20201114</subfield>
  </datafield>
  <datafield tag="899" ind1=" " ind2=" ">
    <subfield code="a">Biblioteca comunale dell&apos;Archiginnasio. Bologna</subfield>
    <subfield code="z">MUTILO</subfield>
    <subfield code="1">BO0304</subfield>
    <subfield code="2">UBO GA</subfield>
  </datafield>
  <datafield tag="899" ind1=" " ind2=" ">
    <subfield code="a">Archivio storico civico e Biblioteca Trivulziana. Milano</subfield>
    <subfield code="1">MI0327</subfield>
    <subfield code="2">LO1 13</subfield>
  </datafield>
  <datafield tag="899" ind1=" " ind2=" ">
    <subfield code="a">Biblioteca Palatina. Parma</subfield>
    <subfield code="1">PR0072</subfield>
    <subfield code="2">PAR PA</subfield>
  </datafield>
  <datafield tag="899" ind1=" " ind2=" ">
    <subfield code="a">British Library. London</subfield>
    <subfield code="1">UK0001</subfield>
  </datafield>
</record>
</collection>
